<record><leader>00000cas a22000007a 4500</leader><controlfield tag="001">13351415</controlfield><controlfield tag="008">860327d19651966wiuwr ne      0    0eng d</controlfield><datafield ind1=" " ind2=" " tag="010"><subfield code="a">sn 86086143 </subfield></datafield><datafield ind1=" " ind2=" " tag="040"><subfield code="a">NPV</subfield><subfield code="b">eng</subfield><subfield code="c">NPV</subfield><subfield code="d">OCLCQ</subfield></datafield><datafield ind1=" " ind2=" " tag="042"><subfield code="a">msc</subfield></datafield><datafield ind1=" " ind2=" " tag="045"><subfield code="a">x6x6</subfield></datafield><datafield ind1=" " ind2=" " tag="052"><subfield code="a">4123</subfield><subfield code="b">L3</subfield></datafield><datafield ind1="0" ind2="0" tag="245"><subfield code="a">Republican journal, Belmont success and the Shullsburg pick and gad.</subfield></datafield><datafield ind1="1" ind2="3" tag="246"><subfield code="a">Republican journal</subfield></datafield><datafield ind1="1" ind2="3" tag="246"><subfield code="a">Belmont success</subfield></datafield><datafield ind1="1" ind2="3" tag="246"><subfield code="a">Shullsburg pick and gad</subfield></datafield><datafield ind1="1" ind2="3" tag="246"><subfield code="a">Pick and gad</subfield></datafield><datafield ind1=" " ind2=" " tag="260"><subfield code="a">Darlington, Wis. :</subfield><subfield code="b">E.B. Curtiss,</subfield><subfield code="c">1965-1966.</subfield></datafield><datafield ind1=" " ind2=" " tag="300"><subfield code="a">v. :</subfield><subfield code="b">ill.</subfield></datafield><datafield ind1=" " ind2=" " tag="310"><subfield code="a">Weekly</subfield></datafield><datafield ind1="0" ind2=" " tag="362"><subfield code="a">Vol. 104, no. 40 (Oct. 7, 1965)-v. 105, no. 4 (Oct. 13, 1966).</subfield></datafield><datafield ind1=" " ind2=" " tag="500"><subfield code="a">Added masthead: The Pick and Gad, Oct. 7, 1965 - Oct. 13, 1966.</subfield></datafield><datafield ind1=" " ind2=" " tag="500"><subfield code="a">Editor: E.B. Curtiss, Oct. 7, 1965-Oct. 13, 1966.</subfield></datafield><datafield ind1=" " ind2=" " tag="525"><subfield code="a">Supplements accompany some issues.</subfield></datafield><datafield ind1=" " ind2=" " tag="530"><subfield code="a">Available on microfilm from the State Historical Society of Wisconsin.</subfield></datafield><datafield ind1=" " ind2=" " tag="752"><subfield code="a">United States</subfield><subfield code="b">Wisconsin</subfield><subfield code="c">Lafayette</subfield><subfield code="d">Darlington.</subfield></datafield><datafield ind1=" " ind2=" " tag="752"><subfield code="a">United States</subfield><subfield code="b">Wisconsin</subfield><subfield code="c">Lafayette</subfield><subfield code="d">Belmont.</subfield></datafield><datafield ind1=" " ind2=" " tag="752"><subfield code="a">United States</subfield><subfield code="b">Wisconsin</subfield><subfield code="c">Lafayette</subfield><subfield code="d">Shullsburg.</subfield></datafield><datafield ind1="0" ind2="0" tag="780"><subfield code="t">Republican journal and the Belmont success</subfield><subfield code="w">(DLC)sn 86086142</subfield></datafield><datafield ind1="0" ind2="5" tag="780"><subfield code="t">Pick and gad (Shullsburg, Wis. : 1919)</subfield><subfield code="w">(DLC)sn 85040172</subfield></datafield><datafield ind1="0" ind2="0" tag="785"><subfield code="t">Republican journal, Belmont success, Shullsburg pick and gad</subfield><subfield code="w">(DLC)sn 86086144</subfield></datafield><datafield ind1="1" ind2=" " tag="029"><subfield code="a">AU@</subfield><subfield code="b">000025823950</subfield></datafield></record>